@Manual{citeR,
    title = {R: A Language and Environment for Statistical Computing},
    author = {{R Core Team}},
    organization = {R Foundation for Statistical Computing},
    address = {Vienna, Austria},
    year = {2020},
    url = {https://www.R-project.org/},
  }
  
  
@Article{citetidyverse,
    title = {Welcome to the {tidyverse}},
    author = {Hadley Wickham and Mara Averick and Jennifer Bryan and Winston Chang and Lucy D'Agostino McGowan and Romain François and Garrett Grolemund and Alex Hayes and Lionel Henry and Jim Hester and Max Kuhn and Thomas Lin Pedersen and Evan Miller and Stephan Milton Bache and Kirill Müller and Jeroen Ooms and David obinson and Dana Paige Seidel and Vitalie Spinu and Kohske Takahashi and Davis Vaughan and Claus Wilke and Kara Woo and Hiroaki Yutani},
    year = {2019},
    journal = {Journal of Open Source Software},
    volume = {4},
    number = {43},
    pages = {1686},
    doi = {10.21105/joss.01686},
  }
  
 @Manual{citeopendatatoronto,
    title = {opendatatoronto: Access the City of Toronto Open Data Portal},
    author = {Sharla Gelfand},
    year = {2022},
    note = {R package version 0.1.5},
    url = {https://CRAN.R-project.org/package=opendatatoronto},
  }
  
@Manual{citejanitor,
    title = {janitor: Simple Tools for Examining and Cleaning Dirty Data},
    author = {Sam Firke},
    year = {2021},
    note = {R package version 2.1.0},
    url = {https://CRAN.R-project.org/package=janitor},
  }

@Book{citeggplot2,
    author = {Hadley Wickham},
    title = {ggplot2: Elegant Graphics for Data Analysis},
    publisher = {Springer-Verlag New York},
    year = {2016},
    isbn = {978-3-319-24277-4},
    url = {https://ggplot2.tidyverse.org},
  }
  
@Manual{citedplyr,
    title = {dplyr: A Grammar of Data Manipulation},
    author = {Hadley Wickham and Romain François and Lionel Henry and Kirill Müller},
    year = {2022},
    note = {R package version 1.0.10},
    url = {https://CRAN.R-project.org/package=dplyr},
  }
  
  
  
@Manual{citercolorbrewer,
    title = {RColorBrewer: ColorBrewer Palettes},
    author = {Erich Neuwirth},
    year = {2022},
    note = {R package version 1.1-3},
    url = {https://CRAN.R-project.org/package=RColorBrewer},
  }

  
@Website{citestatscan1,
    title = {Table 17-10-0008-01 Estimates of the components of demographic growth, annual},
    author = {{Statistics Canada}},
    year = {n.d.},
    note = {R package version 1.0.10},
    url = {https://doi.org/10.25318/1710000801-eng},
  }

  
@Website{citestatscan2,
    title = {Table 17-10-0135-01 Population estimates, July 1, by census metropolitan area and census agglomeration, 2016 boundaries},
    author = {{Statistics Canada}},
    year = {n.d.},
    note = {R package version 1.0.10},
    url = {https://doi.org/10.25318/1710013501-eng},
  }


@Website{citeopendatatoronto2,
    title = {Death Registry Statistics},
    author = {{Open Data Toronto}},
    year = {2023},
    organization = {City of Toronto Open Data Portal},
    note = {R package version 1.0.10},
    url = {https://open.toronto.ca/dataset/death-registry-statistics/},
  }
  
@Manual{citepatchwork,
    title = {patchwork: The Composer of Plots},
    author = {Thomas Lin Pedersen},
    year = {2022},
    note = {R package version 1.1.2},
    url = {https://CRAN.R-project.org/package=patchwork},
  }


@Manual{citekablextra,
    title = {kableExtra: Construct Complex Table with 'kable' and Pipe Syntax},
    author = {Hao Zhu},
    year = {2021},
    note = {R package version 1.3.4},
    url = {https://CRAN.R-project.org/package=kableExtra},
  }
  
  @Manual{citeknitr,
    title = {knitr: A General-Purpose Package for Dynamic Report
      Generation in R},
    author = {Yihui Xie},
    year = {2023},
    note = {R package version 1.42},
    url = {https://yihui.org/knitr/},
  }
